<?xml version="1.0" encoding="UTF-8" ?><marc:collection xmlns:marc="http://www.loc.gov/MARC21/slim" xmlns:xsi="http://www.w3.org/2001/XMLSchema-instance" xsi:schemaLocation="http://www.loc.gov/MARC21/slim http://www.loc.gov/standards/marcxml/schema/MARC21slim.xsd">
<marc:record><marc:leader>04103cam a2200517Ki 4500</marc:leader>
<marc:controlfield tag="001">b1256543x</marc:controlfield>
<marc:controlfield tag="003">UaCaAUL</marc:controlfield><marc:controlfield tag="005">20180218104928.0</marc:controlfield><marc:controlfield tag="008">040223s1925    ua            000 0 ara d</marc:controlfield><marc:datafield tag="035" ind1=" " ind2=" "><marc:subfield code="a">(OCoLC)318939923</marc:subfield></marc:datafield><marc:datafield tag="040" ind1=" " ind2=" "><marc:subfield code="a">MEAUC</marc:subfield><marc:subfield code="b">eng</marc:subfield><marc:subfield code="e">rda</marc:subfield><marc:subfield code="c">MEAUC</marc:subfield><marc:subfield code="d">NYP</marc:subfield><marc:subfield code="d">OCLCQ</marc:subfield><marc:subfield code="d">OCLCO</marc:subfield><marc:subfield code="d">MEAUC</marc:subfield></marc:datafield><marc:datafield tag="049" ind1=" " ind2=" "><marc:subfield code="a">MAIN</marc:subfield></marc:datafield><marc:datafield tag="050" ind1=" " ind2="4"><marc:subfield code="a">BP88.G47</marc:subfield><marc:subfield code="b">A2 1925</marc:subfield></marc:datafield><marc:datafield tag="066" ind1=" " ind2=" "><marc:subfield code="c">(3</marc:subfield></marc:datafield><marc:datafield tag="090" ind1=" " ind2=" "><marc:subfield code="a">BP88.G47</marc:subfield><marc:subfield code="b">A2 1925</marc:subfield></marc:datafield><marc:datafield tag="100" ind1="0" ind2=" "><marc:subfield code="6">880-01</marc:subfield><marc:subfield code="a">Ghazzālī,</marc:subfield><marc:subfield code="d">1058-1111.</marc:subfield></marc:datafield><marc:datafield tag="245" ind1="1" ind2="0"><marc:subfield code="6">880-02</marc:subfield><marc:subfield code="a">Farāʼid al-laʼālī min rasāʼil al-Ghazzālī :</marc:subfield><marc:subfield code="b">majmūʻah mushtamilah ʻalá Miʻrāj al-sālikīn wa-Minhāj al-ʻārifīn wa-Rawḍat al-ṭālibīn, wa-hiya min anfas mā katabahu al-Ghazzālī /</marc:subfield><marc:subfield code="c">wa- qadd tafaḍḍal al-Imām al-wḥīd al-ustādh al-farīd (al-shaykh Muḥammad Bakhīt, muftī al-diyār al-Miṣrīyah sābiqan) bi-taṣḥīḥihā, wa-raghbatan fī taʻmīm nafʻihā qadd qaraʼa juzʼan minhā fī Ramaḍān sanat (43) wa-waʻada bi-itmāmihā fī Ramaḍān sanat (44 H).</marc:subfield></marc:datafield><marc:datafield tag="264" ind1=" " ind2="1"><marc:subfield code="6">880-03</marc:subfield><marc:subfield code="a">[Cairo] :</marc:subfield><marc:subfield code="b">Faraj Allāh Dhakī al-Kurdī,</marc:subfield><marc:subfield code="c">1344 [1925]</marc:subfield></marc:datafield><marc:datafield tag="264" ind1=" " ind2="3"><marc:subfield code="6">880-04</marc:subfield><marc:subfield code="a">Miṣr :</marc:subfield><marc:subfield code="b">Maṭbaʻat al-Saʻādah bijiwār Muḥāfaẓat Miṣr.</marc:subfield></marc:datafield><marc:datafield tag="300" ind1=" " ind2=" "><marc:subfield code="a">8, 262 pages ;</marc:subfield><marc:subfield code="c">22 cm.</marc:subfield></marc:datafield><marc:datafield tag="336" ind1=" " ind2=" "><marc:subfield code="a">text</marc:subfield><marc:subfield code="b">txt</marc:subfield><marc:subfield code="2">rdacontent.</marc:subfield></marc:datafield><marc:datafield tag="337" ind1=" " ind2=" "><marc:subfield code="a">unmediated</marc:subfield><marc:subfield code="b">n</marc:subfield><marc:subfield code="2">rdamedia.</marc:subfield></marc:datafield><marc:datafield tag="338" ind1=" " ind2=" "><marc:subfield code="a">volume</marc:subfield><marc:subfield code="b">nc</marc:subfield><marc:subfield code="2">rdacarrier.</marc:subfield></marc:datafield><marc:datafield tag="500" ind1=" " ind2=" "><marc:subfield code="6">880-05</marc:subfield><marc:subfield code="a">Colophon dated: Muḥarram al-ḥarām (sanat 1344 H).</marc:subfield></marc:datafield><marc:datafield tag="500" ind1=" " ind2=" "><marc:subfield code="6">880-06</marc:subfield><marc:subfield code="a">Qāla fī Kashf al-ẓunūn (Miʻrāj al-sālikīn) lil-Imām Abī Ḥāmid Muḥammad al-Ghazālī al-mutawaffá sanat 505 awwalahu Allāhumma innā naḥmiduka wa-nashkuraka ilakh.</marc:subfield></marc:datafield><marc:datafield tag="500" ind1=" " ind2=" "><marc:subfield code="6">880-07</marc:subfield><marc:subfield code="a">Ḥuqūq al-ṭabʻ maḥfūẓah li-nāshirihā wa-multazim ṭabʻihā, fa-man tajāsar ʻalá ṭabʻihā yulzam bi-al-taʻwīḍ mālam yubriz nusakhan qadīmah tadul annahā ṭubiʻat minhā.</marc:subfield></marc:datafield><marc:datafield tag="650" ind1=" " ind2="0"><marc:subfield code="a">Islam</marc:subfield><marc:subfield code="x">Collected works.</marc:subfield></marc:datafield><marc:datafield tag="700" ind1="1" ind2=" "><marc:subfield code="6">880-08</marc:subfield><marc:subfield code="a">Bakhīt, Muḥammad,</marc:subfield><marc:subfield code="d">1854-</marc:subfield></marc:datafield><marc:datafield tag="700" ind1="0" ind2="2"><marc:subfield code="6">880-09</marc:subfield><marc:subfield code="a">Ghazzālī,</marc:subfield><marc:subfield code="d">1058-1111.</marc:subfield><marc:subfield code="t">Rawḍat al-ṭālibīn wa-ʻumdat al-sālikīn.</marc:subfield></marc:datafield><marc:datafield tag="700" ind1="0" ind2="2"><marc:subfield code="6">880-10</marc:subfield><marc:subfield code="a">Ghazzālī,</marc:subfield><marc:subfield code="d">1058-1111.</marc:subfield><marc:subfield code="t">Miʻrāj al-sālikīn.</marc:subfield></marc:datafield><marc:datafield tag="700" ind1="0" ind2="2"><marc:subfield code="6">880-11</marc:subfield><marc:subfield code="a">Ghazzālī,</marc:subfield><marc:subfield code="d">1058-1111.</marc:subfield><marc:subfield code="t">Minhāj al-ʻārifīn.</marc:subfield></marc:datafield><marc:datafield tag="880" ind1="1" ind2="0"><marc:subfield code="6">245-02/(3/r</marc:subfield><marc:subfield code="a">فرائد اللآلي من رسائل الغزالي :‪</marc:subfield><marc:subfield code="b">مجموعة مشتملة على معراج السالكين ومنهاج العارفين وروضة الطالبين، وهي من أنفس ما كتبه الغزالي /‪</marc:subfield><marc:subfield code="c">و قد تفضل الامام الوحيد والأستاذ الفريد (الشيخ محمد بخيت، مفتي الديار المصرية سابقا) بتصحيحها، ورغبة في تعميم نفعها قد قرأ جزأ منها في رمضان سنة (43) ووعد باتمامها في رمضان سنة (44 هـ)..</marc:subfield></marc:datafield><marc:datafield tag="880" ind1="0" ind2=" "><marc:subfield code="6">100-01/(3/r</marc:subfield><marc:subfield code="a">غزالي،‪</marc:subfield><marc:subfield code="d">1058-1111.</marc:subfield></marc:datafield><marc:datafield tag="880" ind1=" " ind2="1"><marc:subfield code="6">264-03/(3/r</marc:subfield><marc:subfield code="a">[Cairo] :</marc:subfield><marc:subfield code="b">فرج الله ذكي الكردي،‪</marc:subfield><marc:subfield code="c">1344 [1925]</marc:subfield></marc:datafield><marc:datafield tag="880" ind1=" " ind2="3"><marc:subfield code="6">264-04/(3/r</marc:subfield><marc:subfield code="a">مصر :‪</marc:subfield><marc:subfield code="b">مطبعة السعادة بجوار محافظة مصر..</marc:subfield></marc:datafield><marc:datafield tag="880" ind1=" " ind2=" "><marc:subfield code="6">500-05/(3/r</marc:subfield><marc:subfield code="a">Colophon dated: محرم الحرام (سنة 1344 ه)..</marc:subfield></marc:datafield><marc:datafield tag="880" ind1=" " ind2=" "><marc:subfield code="6">500-06/(3/r</marc:subfield><marc:subfield code="a">قال في كشف الظنون (معراج السالكين) للإمام أبي حامد محمد الغزالي المتوفى سنة 505 أوله اللهم إنا نحمدك ونشكرك الخ..</marc:subfield></marc:datafield><marc:datafield tag="880" ind1=" " ind2=" "><marc:subfield code="6">500-07/(3/r</marc:subfield><marc:subfield code="a">حقوق الطبع محفوظة لناشرها وملتزم طبعها، فمن تجاسر على طبعها يلزم بالتعويض ما لم يبرز نسخا قديمة تدل انها طبعت منها..</marc:subfield></marc:datafield><marc:datafield tag="880" ind1="1" ind2=" "><marc:subfield code="6">700-08/(3/r</marc:subfield><marc:subfield code="a">بخيت، محمد،‪</marc:subfield><marc:subfield code="d">1854-</marc:subfield></marc:datafield><marc:datafield tag="880" ind1="0" ind2="2"><marc:subfield code="6">700-09/(3/r</marc:subfield><marc:subfield code="a">غزالي،‪</marc:subfield><marc:subfield code="d">1058-1111..</marc:subfield><marc:subfield code="t">روضة الطالبين وعمدة السالكين..</marc:subfield></marc:datafield><marc:datafield tag="880" ind1="0" ind2="2"><marc:subfield code="6">700-10/(3/r</marc:subfield><marc:subfield code="a">غزالي،‪</marc:subfield><marc:subfield code="d">1058-1111..</marc:subfield><marc:subfield code="t">معراج السالكين..</marc:subfield></marc:datafield><marc:datafield tag="880" ind1="0" ind2="2"><marc:subfield code="6">700-11/(3/r</marc:subfield><marc:subfield code="a">غزالي،‪</marc:subfield><marc:subfield code="d">1058-1111..</marc:subfield><marc:subfield code="t">منهاج العارفين..</marc:subfield></marc:datafield><marc:datafield tag="907" ind1=" " ind2=" "><marc:subfield code="a">.b1256543x</marc:subfield><marc:subfield code="b">main </marc:subfield></marc:datafield><marc:datafield tag="902" ind1=" " ind2=" "><marc:subfield code="a">180815</marc:subfield></marc:datafield><marc:datafield tag="998" ind1=" " ind2=" "><marc:subfield code="b">2</marc:subfield><marc:subfield code="c">040229</marc:subfield><marc:subfield code="d">m</marc:subfield><marc:subfield code="e">a</marc:subfield><marc:subfield code="f">-</marc:subfield><marc:subfield code="g">0</marc:subfield><marc:subfield code="k">TA</marc:subfield></marc:datafield><marc:datafield tag="945" ind1=" " ind2=" "><marc:subfield code="l">main </marc:subfield></marc:datafield></marc:record>
</marc:collection>
